%YAML 1.1
%TAG !u! tag:unity3d.com,2011:
--- !u!1 &150552
GameObject:
  m_ObjectHideFlags: 0
  m_PrefabParentObject: {fileID: 0}
  m_PrefabInternal: {fileID: 100100000}
  serializedVersion: 4
  m_Component:
  - 4: {fileID: 450552}
  - 15: {fileID: 1550552}
  - 12: {fileID: 1250552}
  - 26: {fileID: 2650552}
  m_Layer: 0
  m_Name: Explosion
  m_TagString: Untagged
  m_Icon: {fileID: 0}
  m_NavMeshLayer: 0
  m_StaticEditorFlags: 0
  m_IsActive: 1
--- !u!1 &150554
GameObject:
  m_ObjectHideFlags: 0
  m_PrefabParentObject: {fileID: 0}
  m_PrefabInternal: {fileID: 100100000}
  serializedVersion: 4
  m_Component:
  - 4: {fileID: 450554}
  - 15: {fileID: 1550554}
  - 12: {fileID: 1250554}
  - 26: {fileID: 2650554}
  m_Layer: 0
  m_Name: Fluffy Smoke
  m_TagString: Untagged
  m_Icon: {fileID: 0}
  m_NavMeshLayer: 0
  m_StaticEditorFlags: 0
  m_IsActive: 1
--- !u!1 &162772
GameObject:
  m_ObjectHideFlags: 0
  m_PrefabParentObject: {fileID: 0}
  m_PrefabInternal: {fileID: 100100000}
  serializedVersion: 4
  m_Component:
  - 4: {fileID: 462772}
  - 82: {fileID: 8262772}
  m_Layer: 0
  m_Name: SoundFX
  m_TagString: Untagged
  m_Icon: {fileID: 0}
  m_NavMeshLayer: 0
  m_StaticEditorFlags: 0
  m_IsActive: 1
--- !u!4 &450552
Transform:
  m_ObjectHideFlags: 1
  m_PrefabParentObject: {fileID: 0}
  m_PrefabInternal: {fileID: 100100000}
  m_GameObject: {fileID: 150552}
  m_LocalRotation: {x: 0, y: 0, z: 0, w: 1}
  m_LocalPosition: {x: 0, y: 0, z: 0}
  m_LocalScale: {x: 1, y: 1, z: 1}
  m_Children:
  - {fileID: 450554}
  - {fileID: 462772}
  m_Father: {fileID: 0}
  m_RootOrder: 0
--- !u!4 &450554
Transform:
  m_ObjectHideFlags: 1
  m_PrefabParentObject: {fileID: 0}
  m_PrefabInternal: {fileID: 100100000}
  m_GameObject: {fileID: 150554}
  m_LocalRotation: {x: 0, y: 0, z: 0, w: 1}
  m_LocalPosition: {x: 0, y: -.129999995, z: 0}
  m_LocalScale: {x: 1, y: 1, z: 1}
  m_Children: []
  m_Father: {fileID: 450552}
  m_RootOrder: 0
--- !u!4 &462772
Transform:
  m_ObjectHideFlags: 1
  m_PrefabParentObject: {fileID: 0}
  m_PrefabInternal: {fileID: 100100000}
  m_GameObject: {fileID: 162772}
  m_LocalRotation: {x: 0, y: 0, z: 0, w: 1}
  m_LocalPosition: {x: 0, y: 0, z: 0}
  m_LocalScale: {x: 1, y: 1, z: 1}
  m_Children: []
  m_Father: {fileID: 450552}
  m_RootOrder: 1
--- !u!12 &1250552
ParticleAnimator:
  m_ObjectHideFlags: 1
  m_PrefabParentObject: {fileID: 0}
  m_PrefabInternal: {fileID: 100100000}
  m_GameObject: {fileID: 150552}
  Does Animate Color?: 1
  colorAnimation[0]:
    serializedVersion: 2
    rgba: 167772415
  colorAnimation[1]:
    serializedVersion: 2
    rgba: 3019922625
  colorAnimation[2]:
    serializedVersion: 2
    rgba: 4278243839
  colorAnimation[3]:
    serializedVersion: 2
    rgba: 4281201400
  colorAnimation[4]:
    serializedVersion: 2
    rgba: 184549375
  worldRotationAxis: {x: 0, y: 0, z: 0}
  localRotationAxis: {x: 0, y: 0, z: 0}
  sizeGrow: -.357573718
  rndForce: {x: 1, y: 1, z: 1}
  force: {x: 0, y: -5, z: 0}
  damping: 1
  stopSimulation: 0
  autodestruct: 1
--- !u!12 &1250554
ParticleAnimator:
  m_ObjectHideFlags: 1
  m_PrefabParentObject: {fileID: 0}
  m_PrefabInternal: {fileID: 100100000}
  m_GameObject: {fileID: 150554}
  Does Animate Color?: 1
  colorAnimation[0]:
    serializedVersion: 2
    rgba: 8487297
  colorAnimation[1]:
    serializedVersion: 2
    rgba: 1550280551
  colorAnimation[2]:
    serializedVersion: 2
    rgba: 2523819630
  colorAnimation[3]:
    serializedVersion: 2
    rgba: 2220974433
  colorAnimation[4]:
    serializedVersion: 2
    rgba: 7368816
  worldRotationAxis: {x: 0, y: 0, z: 0}
  localRotationAxis: {x: 0, y: 0, z: 0}
  sizeGrow: .100000001
  rndForce: {x: .100000001, y: .100000001, z: .100000001}
  force: {x: 0, y: 0, z: 0}
  damping: 1
  stopSimulation: 0
  autodestruct: 1
--- !u!15 &1550552
EllipsoidParticleEmitter:
  m_ObjectHideFlags: 1
  m_PrefabParentObject: {fileID: 0}
  m_PrefabInternal: {fileID: 100100000}
  m_GameObject: {fileID: 150552}
  serializedVersion: 2
  m_Enabled: 1
  m_Emit: 1
  minSize: .100000001
  maxSize: 1
  minEnergy: 1
  maxEnergy: 3
  minEmission: 75
  maxEmission: 200
  worldVelocity: {x: 0, y: 0, z: 0}
  localVelocity: {x: 0, y: 3, z: 0}
  rndVelocity: {x: 5, y: 5, z: 5}
  emitterVelocityScale: .0500000007
  tangentVelocity: {x: 0, y: 0, z: 0}
  angularVelocity: 0
  rndAngularVelocity: 0
  rndRotation: 0
  Simulate in Worldspace?: 1
  m_OneShot: 1
  m_Ellipsoid: {x: 0, y: 0, z: 0}
  m_MinEmitterRange: 0
--- !u!15 &1550554
EllipsoidParticleEmitter:
  m_ObjectHideFlags: 1
  m_PrefabParentObject: {fileID: 0}
  m_PrefabInternal: {fileID: 100100000}
  m_GameObject: {fileID: 150554}
  serializedVersion: 2
  m_Enabled: 1
  m_Emit: 1
  minSize: 1.75
  maxSize: 2
  minEnergy: 10
  maxEnergy: 10
  minEmission: 25
  maxEmission: 25
  worldVelocity: {x: 0, y: 0, z: 0}
  localVelocity: {x: 0, y: 1.5, z: 0}
  rndVelocity: {x: .00999999978, y: .5, z: .00999999978}
  emitterVelocityScale: .0500000007
  tangentVelocity: {x: 0, y: 0, z: 0}
  angularVelocity: 40
  rndAngularVelocity: -10
  rndRotation: 1
  Simulate in Worldspace?: 1
  m_OneShot: 1
  m_Ellipsoid: {x: .75, y: 0, z: .75}
  m_MinEmitterRange: 0
--- !u!26 &2650552
ParticleRenderer:
  m_ObjectHideFlags: 1
  m_PrefabParentObject: {fileID: 0}
  m_PrefabInternal: {fileID: 100100000}
  m_GameObject: {fileID: 150552}
  m_Enabled: 1
  m_CastShadows: 1
  m_ReceiveShadows: 1
  m_LightmapIndex: 255
  m_LightmapTilingOffset: {x: 1, y: 1, z: 0, w: 0}
  m_Materials:
  - {fileID: 2100000, guid: 74bcba72c2286ce429281c86d5928418, type: 2}
  m_SubsetIndices: 
  m_StaticBatchRoot: {fileID: 0}
  m_UseLightProbes: 0
  m_LightProbeAnchor: {fileID: 0}
  m_ScaleInLightmap: 1
  m_SortingLayerID: 0
  m_SortingOrder: 0
  serializedVersion: 2
  m_CameraVelocityScale: 0
  m_StretchParticles: 0
  m_LengthScale: 2
  m_VelocityScale: 0
  m_MaxParticleSize: .25
  UV Animation:
    x Tile: 1
    y Tile: 1
    cycles: 1
--- !u!26 &2650554
ParticleRenderer:
  m_ObjectHideFlags: 1
  m_PrefabParentObject: {fileID: 0}
  m_PrefabInternal: {fileID: 100100000}
  m_GameObject: {fileID: 150554}
  m_Enabled: 1
  m_CastShadows: 1
  m_ReceiveShadows: 1
  m_LightmapIndex: 255
  m_LightmapTilingOffset: {x: 1, y: 1, z: 0, w: 0}
  m_Materials:
  - {fileID: 2100000, guid: 96558d9af5ccba84da0a06dc9afa072d, type: 2}
  m_SubsetIndices: 
  m_StaticBatchRoot: {fileID: 0}
  m_UseLightProbes: 0
  m_LightProbeAnchor: {fileID: 0}
  m_ScaleInLightmap: 1
  m_SortingLayerID: 0
  m_SortingOrder: 0
  serializedVersion: 2
  m_CameraVelocityScale: 0
  m_StretchParticles: 0
  m_LengthScale: 0
  m_VelocityScale: 0
  m_MaxParticleSize: 1
  UV Animation:
    x Tile: 1
    y Tile: 1
    cycles: 1
--- !u!82 &8262772
AudioSource:
  m_ObjectHideFlags: 1
  m_PrefabParentObject: {fileID: 0}
  m_PrefabInternal: {fileID: 100100000}
  m_GameObject: {fileID: 162772}
  m_Enabled: 1
  serializedVersion: 3
  m_audioClip: {fileID: 8300000, guid: c26e2c402fc704e33ac6ae4cde615020, type: 3}
  m_PlayOnAwake: 1
  m_Volume: 1
  m_Pitch: 1
  Loop: 0
  Mute: 0
  Priority: 128
  DopplerLevel: 1
  MinDistance: 1
  MaxDistance: 500
  Pan2D: 0
  rolloffMode: 0
  BypassEffects: 0
  BypassListenerEffects: 0
  BypassReverbZones: 0
  rolloffCustomCurve:
    serializedVersion: 2
    m_Curve:
    - time: 0
      value: 1
      inSlope: 0
      outSlope: 0
      tangentMode: 0
    - time: 1
      value: 0
      inSlope: 0
      outSlope: 0
      tangentMode: 0
    m_PreInfinity: 2
    m_PostInfinity: 2
  panLevelCustomCurve:
    serializedVersion: 2
    m_Curve:
    - time: 0
      value: 1
      inSlope: 0
      outSlope: 0
      tangentMode: 0
    m_PreInfinity: 2
    m_PostInfinity: 2
  spreadCustomCurve:
    serializedVersion: 2
    m_Curve:
    - time: 0
      value: 0
      inSlope: 0
      outSlope: 0
      tangentMode: 0
    m_PreInfinity: 2
    m_PostInfinity: 2
--- !u!1001 &100100000
Prefab:
  m_ObjectHideFlags: 1
  serializedVersion: 2
  m_Modification:
    m_TransformParent: {fileID: 0}
    m_Modifications: []
    m_RemovedComponents: []
  m_ParentPrefab: {fileID: 0}
  m_RootGameObject: {fileID: 150552}
  m_IsPrefabParent: 1
  m_IsExploded: 1
